
@article{huff_fundamental_2016,
	title = {Fundamental concepts in the {Cyclus} nuclear fuel cycle simulation framework},
	volume = {94},
	issn = {0965-9978},
	url = {http://www.sciencedirect.com/science/article/pii/S0965997816300229},
	doi = {10.1016/j.advengsoft.2016.01.014},
	abstract = {As nuclear power expands, technical, economic, political, and environmental analyses of nuclear fuel cycles by simulators increase in importance. To date, however, current tools are often fleet-based rather than discrete and restrictively licensed rather than open source. Each of these choices presents a challenge to modeling fidelity, generality, efficiency, robustness, and scientific transparency. The Cyclus nuclear fuel cycle simulator framework and its modeling ecosystem incorporate modern insights from simulation science and software architecture to solve these problems so that challenges in nuclear fuel cycle analysis can be better addressed. A summary of the Cyclus fuel cycle simulator framework and its modeling ecosystem are presented. Additionally, the implementation of each is discussed in the context of motivating challenges in nuclear fuel cycle simulation. Finally, the current capabilities of Cyclus are demonstrated for both open and closed fuel cycles.},
	journal = {Advances in Engineering Software},
	author = {Huff, Kathryn D. and Gidden, Matthew J. and Carlsen, Robert W. and Flanagan, Robert R. and McGarry, Meghan B. and Opotowsky, Arrielle C. and Schneider, Erich A. and Scopatz, Anthony M. and Wilson, Paul P.H.},
	month = apr,
	year = {2016},
	note = {arXiv: 1509.03604},
	keywords = {agent based modeling, Computer Science - Computational Engineering, Finance, and Science, Computer Science - Mathematical Software, Computer Science - Multiagent Systems, Computer Science - Software Engineering, D.2.4, D.2.13, I.6.7, I.6.8, Nuclear Engineering, Nuclear fuel cycle, Object orientation, simulation, Systems analysis},
	pages = {46--59},
	file = {arXiv\:1509.03604 PDF:/home/dkadkf/.zotero/zotero/b6ig23b6.default/zotero/storage/X43DJNQG/Huff et al. - 2015 - Fundamental Concepts in the Cyclus Fuel Cycle Simu.pdf:application/pdf;arXiv\:1509.03604 PDF:/home/dkadkf/.zotero/zotero/b6ig23b6.default/zotero/storage/DU99UUBM/Huff et al. - 2015 - Fundamental Concepts in the Cyclus Fuel Cycle Simu.pdf:application/pdf;arXiv.org Snapshot:/home/dkadkf/.zotero/zotero/b6ig23b6.default/zotero/storage/RWUJC4A5/1509.html:text/html;arXiv.org Snapshot:/home/dkadkf/.zotero/zotero/b6ig23b6.default/zotero/storage/46JCUNZD/1509.html:text/html;fundamentals.pdf:/home/dkadkf/.zotero/zotero/b6ig23b6.default/zotero/storage/ST29TSRE/fundamentals.pdf:application/pdf;fundamentals.pdf:/home/dkadkf/.zotero/zotero/b6ig23b6.default/zotero/storage/WB54ZF82/fundamentals.pdf:application/pdf;ScienceDirect Snapshot:/home/dkadkf/.zotero/zotero/b6ig23b6.default/zotero/storage/GEU8TVGF/S0965997816300229.html:text/html}
}

@article{wigeland_nuclear_2014,
	title = {Nuclear {Fuel} {Cycle} {Evaluation} and {Screening}–{Final} {Report}},
	url = {https://fuelcycleevaluation.inl.gov/Shared%20Documents/ES%20Main%20Report.pdf},
	urldate = {2017-03-29},
	author = {Wigeland, R and Taiwo, T and Ludewig, H and Todosow, M and Halsey, W and Gehin, J and Jubin, R and Buelt, J and Stockinger, S and Jenni, K and Oakley, B},
	year = {2014},
	file = {ES Main Report.pdf:/home/dkadkf/.zotero/zotero/b6ig23b6.default/zotero/storage/R8EPMQCB/ES Main Report.pdf:application/pdf}
}

@misc{noauthor_nuclear_2017,
	title = {Nuclear {Power} in {France} {\textbar} {French} {Nuclear} {Energy} - {World} {Nuclear} {Association}},
	shorttitle = {Nuclear {Power} in {France}},
	url = {http://www.world-nuclear.org/information-library/country-profiles/countries-a-f/france.aspx},
	language = {English},
	urldate = {2017-03-30},
	journal = {World Nuclear},
	month = mar,
	year = {2017},
	file = {Nuclear Power in France | French Nuclear Energy - World Nuclear Association:/home/dkadkf/.zotero/zotero/b6ig23b6.default/zotero/storage/HF7SI3D6/france.html:text/html}
}

@misc{iaea_pris_nodate,
	title = {{PRIS} - {Home}},
	url = {https://www.iaea.org/pris/},
	urldate = {2017-04-03},
	author = {IAEA},
	file = {PRIS - Home:/home/dkadkf/.zotero/zotero/b6ig23b6.default/zotero/storage/VGZKA6G9/pris.html:text/html}
}

@book{__2009,
	title = {{КОНСТРУКЦИИ} ТВЭЛОВ, КАНАЛОВ И АКТИВНЫХ ЗОН ЭНЕРГЕТИЧЕСКИХ РЕАКТОРОВ},
	abstract = {При выполнении курсового проектирования повышенной сложно
	сти, дипломной или выпускной работы, связанных с нейтроннофизиче
	ским и теплофизическим расчетом реакторной установки, в первую оче
	редь возникают вопросы принятия тех или иных решений, по конструк
	ции твэл, тепловыделяющих сборок, кассет или каналов, компоновок
	оборудования и конструктивного решения установки в целом. От пра
	вильности принятых решений зависит в конечном счете успех расчета.
	Вместе с тем существует целый ряд отработанных конструктивных
	решений для ядерных установок различного типа, которые содержатся
	многочисленной разрозненной литературе.
	Прибегая к данным такой литературы, проектант невольно огра
	ничивает свои знания только теми, которые справедливы для одного
	конкретного типа реактора, в то время как конструктивные решения
	для других типов реакторов для него неиспользованными. Такой под
	ход особенно нежелателен для учебного процесса так как существует
	большое разнообразие как реакторов, так и их конструкций.
	В настоящем учебном пособии представлены существующие кон
	структивные решения для энергетических реакторов на тепловых ней
	тронах различного типа и их конструктивные элементы:
	• водоохлаждаемые реакторы – ВВЭР, ВК и с графитовым замедли
	телем;
	• газоохлаждаемые Magnox, AGR, HTGR;
	• натрийохлаждаемые с графитовым замедлителем.
	Учебное пособие может быть полезно магистрантам, студентам об
	учающимся по направлению 010700 «Физика» при выполнении курсово
	го проектирования, дипломных и выпускных квалификационных работ.},
	author = {Колпаков, Г.Н. and Селиваникова, О.В.},
	year = {2009}
}

@techreport{hermann_validation_1995,
	title = {Validation of the {SCALE} system for {PWR} spent fuel isotopic composition analyses},
	url = {http://www.osti.gov/scitech/biblio/57886},
	urldate = {2017-04-03},
	institution = {Oak Ridge National Lab., TN (United States)},
	author = {Hermann, O. W. and Bowman, S. M. and Parks, C. V. and Brady, M. C.},
	year = {1995}
}

@techreport{oecd_spent_2011,
	title = {Spent {Nuclear} {Fuel} {Asssay} {Data} for {Isotopic} {Validation}},
	url = {https://www.oecd-nea.org/science/wpncs/ADSNF/SOAR_final.pdf},
	abstract = {Management of spent fuel from commercial nuclear reactors is a key issue for many NEA
	member countries. As interim storage facilities in many countries reach their design capacities,
	the need to optimise spent fuel storage management is becoming an increasingly important
	issue to managing fuel cycle costs while reducing associated risks. In nuclear criticality safety
	studies involving spent fuel, burn-up credit is being pursued and has been implemented in many
	countries as a means of more accurately and realistically determining the system reactivity by
	taking into account a decrease in the reactivity of spent fuel during irradiation. Implementation
	of burn-up credit has gained in world-wide interest during the last 20 years and it represents one
	of the most technically challenging issues in nuclear criticality safety. To address these challenges
	and help co-ordinate activities in NEA member countries, the Working Party on Nuclear
	Criticality Safety (WPNCS) of the OECD/NEA Nuclear Science Committee (NSC) has organised the
	Expert Group on Burn-up Credit Criticality (EGBUC). The decision of many countries to advance
	burn-up credit as part of their criticality safety licensing strategy has heightened interest in
	measurement data needed to validate code calculations for a burn-up credit methodology.},
	institution = {Nuclear Energy Agency},
	author = {OECD},
	year = {2011}
}

@misc{world_nuclear_association_nuclear_2017,
	title = {Nuclear {Power} in the {European} {Union} - {World} {Nuclear} {Association}},
	url = {http://www.world-nuclear.org/information-library/country-profiles/others/european-union.aspx},
	urldate = {2017-04-17},
	author = {World Nuclear Association},
	month = feb,
	year = {2017},
	file = {Nuclear Power in the European Union - World Nuclear Association:/home/dkadkf/.zotero/zotero/b6ig23b6.default/zotero/storage/46DSTAKI/european-union.html:text/html}
}

@misc{noauthor_nuclear_2017-1,
	title = {Nuclear {Power} in {Germany} - {World} {Nuclear} {Association}},
	url = {http://www.world-nuclear.org/information-library/country-profiles/countries-g-n/germany.aspx},
	urldate = {2017-04-17},
	month = apr,
	year = {2017},
	file = {Nuclear Power in Germany - World Nuclear Association:/home/dkadkf/.zotero/zotero/b6ig23b6.default/zotero/storage/978ICUGD/germany.html:text/html}
}

@misc{noauthor_nuclear_2017-2,
	title = {Nuclear {Power} in the {Czech} {Republic} {\textbar} {Nuclear} {Power} in {Czechia} - {World} {Nuclear} {Association}},
	url = {http://www.world-nuclear.org/information-library/country-profiles/countries-a-f/czech-republic.aspx},
	urldate = {2017-04-17},
	month = feb,
	year = {2017},
	file = {Nuclear Power in the Czech Republic | Nuclear Power in Czechia - World Nuclear Association:/home/dkadkf/.zotero/zotero/b6ig23b6.default/zotero/storage/8AVSVBJT/czech-republic.html:text/html}
}

@misc{noauthor_nuclear_2017-3,
	title = {Nuclear {Power} in the {United} {Kingdom} {\textbar}{UK} {Nuclear} {Energy} - {World} {Nuclear} {Association}},
	url = {http://www.world-nuclear.org/information-library/country-profiles/countries-t-z/united-kingdom.aspx},
	urldate = {2017-04-17},
	month = apr,
	year = {2017},
	file = {Nuclear Power in the United Kingdom |UK Nuclear Energy - World Nuclear Association:/home/dkadkf/.zotero/zotero/b6ig23b6.default/zotero/storage/Q9TP2EHK/united-kingdom.html:text/html}
}

@misc{noauthor_nuclear_2017-4,
	title = {Nuclear {Power} in {Belgium} {\textbar} {Belgian} {Nuclear} {Energy} - {World} {Nuclear} {Association}},
	url = {http://www.world-nuclear.org/information-library/country-profiles/countries-a-f/belgium.aspx},
	urldate = {2017-04-17},
	month = feb,
	year = {2017},
	file = {Nuclear Power in Belgium | Belgian Nuclear Energy - World Nuclear Association:/home/dkadkf/.zotero/zotero/b6ig23b6.default/zotero/storage/Z7TZENPG/belgium.html:text/html}
}

@misc{noauthor_nuclear_2017-5,
	title = {Nuclear {Energy} in {Sweden} - {World} {Nuclear} {Association}},
	url = {http://www.world-nuclear.org/information-library/country-profiles/countries-o-s/sweden.aspx},
	urldate = {2017-04-17},
	month = jan,
	year = {2017},
	file = {Nuclear Energy in Sweden - World Nuclear Association:/home/dkadkf/.zotero/zotero/b6ig23b6.default/zotero/storage/XURPXXT5/sweden.html:text/html}
}

@misc{noauthor_nuclear_2017-6,
	title = {Nuclear {Energy} in {Finland} {\textbar} {Finnish} {Nuclear} {Power} - {World} {Nuclear} {Association}},
	url = {http://www.world-nuclear.org/information-library/country-profiles/countries-a-f/finland.aspx},
	urldate = {2017-04-17},
	month = jan,
	year = {2017},
	file = {Nuclear Energy in Finland | Finnish Nuclear Power - World Nuclear Association:/home/dkadkf/.zotero/zotero/b6ig23b6.default/zotero/storage/BJE5DQZK/finland.html:text/html}
}

@misc{noauthor_nuclear_2017-7,
	title = {Nuclear {Power} in {Poland} - {World} {Nuclear} {Association}},
	url = {http://www.world-nuclear.org/information-library/country-profiles/countries-o-s/poland.aspx},
	urldate = {2017-04-18},
	month = apr,
	year = {2017},
	file = {Nuclear Power in Poland - World Nuclear Association:/home/dkadkf/.zotero/zotero/b6ig23b6.default/zotero/storage/VAFJZWWQ/poland.html:text/html}
}

@misc{noauthor_nuclear_2016,
	title = {Nuclear {Power} in {Bulgaria} {\textbar} {Bulgarian} nuclear energy - {World} {Nuclear} {Association}},
	url = {http://www.world-nuclear.org/information-library/country-profiles/countries-a-f/bulgaria.aspx},
	urldate = {2017-04-18},
	month = oct,
	year = {2016},
	file = {Nuclear Power in Bulgaria | Bulgarian nuclear energy - World Nuclear Association:/home/dkadkf/.zotero/zotero/b6ig23b6.default/zotero/storage/HKNREBM6/bulgaria.html:text/html}
}